<?xml version="1.0" encoding="UTF-8"?><collection xmlns="http://www.loc.gov/MARC21/slim"><record><leader>00413nam--2200133-i-4500</leader><controlfield tag="001">000015595</controlfield><controlfield tag="002">20161230</controlfield><controlfield tag="005">20161230201031</controlfield><controlfield tag="008">060222s1000------------r-----000-0-eng-d</controlfield><datafield ind1=" " ind2=" " tag="080"><subfield code="a">681.5</subfield></datafield><datafield ind1=" " ind2=" " tag="100"><subfield code="a">Draganoiu Gheorghe, Moanga Adrian Si Davidovi Ciu Adrian</subfield></datafield><datafield ind1=" " ind2=" " tag="245"><subfield code="a">Modelarea, simularea si comanda manipulatoare lor si robotilor industriali</subfield></datafield><datafield ind1=" " ind2=" " tag="260"><subfield code="a">Bucuresti, Editura Tehnica, 1980. 255 P</subfield></datafield><datafield ind1=" " ind2=" " tag="852"><subfield code="a">73086</subfield></datafield></record></collection>